<?xml version="1.0" encoding="UTF-8"?><record xmlns="http://www.loc.gov/MARC21/slim" xmlns:cinclude="http://apache.org/cocoon/include/1.0" xmlns:zs="http://www.loc.gov/zing/srw/">
  <leader>00631cz  a2200181n  4500</leader>
  <controlfield tag="001">nr2004017236</controlfield>
  <controlfield tag="003">DLC</controlfield>
  <controlfield tag="005">20080916082012.0</controlfield>
  <controlfield tag="008">040604n| acannaabn          |b aaa     c</controlfield>
  <datafield tag="010" ind1=" " ind2=" ">
    <subfield code="a">nr2004017236</subfield>
  </datafield>
  <datafield tag="035" ind1=" " ind2=" ">
    <subfield code="a">(OCoLC)oca06374599</subfield>
  </datafield>
  <datafield tag="040" ind1=" " ind2=" ">
    <subfield code="a">DFG</subfield>
    <subfield code="b">eng</subfield>
    <subfield code="c">DFG</subfield>
    <subfield code="d">OCoLC</subfield>
  </datafield>
  <datafield tag="100" ind1="1" ind2=" ">
    <subfield code="a">Wang, Naidong,</subfield>
    <subfield code="d">1946-</subfield>
  </datafield>
  <datafield tag="400" ind1="1" ind2=" ">
    <subfield code="a">王乃栋,</subfield>
    <subfield code="d">1946-</subfield>
  </datafield>
  <datafield tag="400" ind1="1" ind2=" ">
    <subfield code="a">王乃棟,</subfield>
    <subfield code="d">1946-</subfield>
  </datafield>
  <datafield tag="667" ind1=" " ind2=" ">
    <subfield code="a">Machine-derived non-Latin script reference project.</subfield>
  </datafield>
  <datafield tag="667" ind1=" " ind2=" ">
    <subfield code="a">Non-Latin script references not evaluated.</subfield>
  </datafield>
  <datafield tag="670" ind1=" " ind2=" ">
    <subfield code="a">Hai pai hua jia shu fa zhen wei tu jian, 2002:</subfield>
    <subfield code="b">t.p. (Wang Naidong) vita (b. 1946, Shanghai; member of Zhongguo shu fa jia xie hui)</subfield>
  </datafield>
</record>